@incollection{bottou-98x,
	author = {Bottou, L\'{e}on},
	title = {Online Algorithms and Stochastic Approximations},
	booktitle = {Online Learning and Neural Networks},
	editor = {Saad, David},
	publisher = {Cambridge University Press},
	address = {Cambridge, UK},
	year = {1998},
	url = {http://leon.bottou.org/papers/bottou-98x},
	note = {revised, oct 2012}
}
@inproceedings{bottou-2010,
	author = {Bottou, L\'{e}on},
	title = {Large-Scale Machine Learning with Stochastic Gradient Descent},
	booktitle = {Proceedings of the 19th International Conference on Computational Statistics (COMPSTAT'2010)},
	editor = {Lechevallier, Yves and Saporta, Gilbert},
	publisher = {Springer},
	address = {Paris, France},
	year = {2010},
	url = {http://leon.bottou.org/papers/bottou-2010},
	pages = {177--187}
}
@@incollection{NIPS2010_4006,
	title = {Parallelized Stochastic Gradient Descent},
	author = {Martin Zinkevich and Markus Weimer and Lihong Li and Alex J. Smola},
	booktitle = {Advances in Neural Information Processing Systems 23},
	editor = {J.D. Lafferty and C.K.I. Williams and J. Shawe-Taylor and R.S. Zemel and A. Culotta},
	pages = {2595--2603},
	year = {2010},
	publisher = {Curran Associates, Inc.},
	url = {http://papers.nips.cc/paper/4006-parallelized-stochastic-gradient-descent.pdf}
}
@incollection{NIPS2011_4390,
	title = {Hogwild: A Lock-Free Approach to Parallelizing Stochastic Gradient Descent},
	author = {Benjamin Recht and Re, Christopher and Wright, Stephen and Feng Niu},
	booktitle = {Advances in Neural Information Processing Systems 24},
	editor = {J. Shawe-Taylor and R.S. Zemel and P.L. Bartlett and F. Pereira and K.Q. Weinberger},
	pages = {693--701},
	year = {2011},
	publisher = {Curran Associates, Inc.},
	url = {http://papers.nips.cc/paper/4390-hogwild-a-lock-free-approach-to-parallelizing-stochastic-gradient-descent.pdf}
}
@incollection{NIPS2012_4687,
	title = {Large Scale Distributed Deep Networks},
	author = {Jeffrey Dean and Greg Corrado and Rajat Monga and Chen, Kai and Matthieu Devin and Mark Mao and Marc\textquotesingle aurelio Ranzato and Andrew Senior and Paul Tucker and Ke Yang and Quoc V. Le and Andrew Y. Ng},
	booktitle = {Advances in Neural Information Processing Systems 25},
	editor = {F. Pereira and C.J.C. Burges and L. Bottou and K.Q. Weinberger},
	pages = {1223--1231},
	year = {2012},
	publisher = {Curran Associates, Inc.},
	url = {http://papers.nips.cc/paper/4687-large-scale-distributed-deep-networks.pdf}
}
@incollection{adagrad,
	title = {Adaptive subgradient methods for online learning and stochastic optimization},
	author = {J. C. Duchi, E. Hazan, and Y. Singer},
	booktitle = {Journal of Machine Learning Research},
	pages = {2121-2159},
	year = {2011},
	url = {http://www.jmlr.org/papers/volume12/duchi11a/duchi11a.pdf}
}
@incollection{adaline,
	title = {An Adaptive 'Adaline' Neuron Using Chemical 'Memistors'},
	author = {Bernard Widrow},
	booktitle = {Stanford Electronics Laboratories Technical Report 1553-2},
	year = {1960},
	url = {http://www-isl.stanford.edu/~widrow/papers/t1960anadaptive.pdf}
}